@article{XIXY202410016,
author = {花培娟},
title = {出版发行机构短视频平台直播带货营销问题与策略研究——以抖音为例},
journal = {现代营销(下旬刊)},
volume = {},
number = {10},
pages = {47-49},
year = {2024},
issn = {1009-2994},
doi = {10.19932/j.cnki.22-1256/F.2024.10.047}
}    

@article{SYJJ202201019,
author = {王微微},
title = {短视频对消费者购买决策的影响机制},
journal = {商业经济研究},
volume = {},
number = {01},
pages = {81-84},
year = {2022},
issn = {2095-9397},
}
